@inproceedings{hassan2009predicting,
  title={Predicting faults using the complexity of code changes},
  author={Hassan, Ahmed E},
  booktitle={Proceedings of the 31st International Conference on Software Engineering},
  pages={78--88},
  year={2009},
  organization={IEEE Computer Society}
}

